@Article{shadwick2002,
author = {W.F. Shadwick and C. Keating},
title = {Performance Measurement},
journal = {Journal of Performance Measurement},
year = 2002
}

@Article{hill1976,
author = {I. Hill and R. Hill and R. Holder},
title = {Fitting Johnson Curves by Moments},
journal = {Journal of Royal Statistical Society},
year = 1976,
volume = 25,
pages = {180--189}
}

@Article{simonato2011,
author = {J.G. Simonato},
title = {The Performance of Johnson Distributions for Computing Value at Risk and Expected Shortfall},
ssrn = {http://ssrn.com/abstract=1706409 or http://dx.doi.org/10.2139/ssrn.1706409}
}

@Article{johnson1949,
author = {N. L. Johnson},
title = {System of Frequency Curves Generated by Methods of Translation},
journal = {Biometrika},
year = 1949,
volume = 36,
pages = {149--176}
}

@manual{mcleod2012,
author = {A. I. McLeod and L. King},
title = {Johnson Distribution},
organization = {Department of Statistical and Actuarial Sciences University of Western Ontario},
year = 2012
}

@Article{johnson1969,
author = {W.P. Elderton and N.L. Johnson},
title = {Systems of Frequence Curves},
journal = {ometrische Zeitschrift},
year = 1969,
volume = 12,
pages = {190--191}
}

@masterthesis{draper1951,
author = {J. Draper},
title = {Properties distributions of resulting from certain simple transformations the normal of distribution},
school = {University of London},
year = 1951
}

@Article{draper1952,
author = {J. Draper},
title = {Properties distributions of resulting from certain simple transformations the normal of distribution},
journal = {Biometrika},
year = 1952,
volume = 39,
pages = {290--301}
}
